<record><leader>00000cas a2200000 a 4500</leader><controlfield tag="001">29248265</controlfield><controlfield tag="008">931104d18931896iluwr ne      0    0eng c</controlfield><datafield ind1=" " ind2=" " tag="010"><subfield code="a">sn 93057185 </subfield></datafield><datafield ind1=" " ind2=" " tag="040"><subfield code="a">NVF</subfield><subfield code="b">eng</subfield><subfield code="c">NVF</subfield><subfield code="d">OCLCQ</subfield><subfield code="d">CVF</subfield><subfield code="d">NVF</subfield><subfield code="d">OCLCF</subfield><subfield code="d">OCLCO</subfield></datafield><datafield ind1="1" ind2=" " tag="029"><subfield code="a">AU@</subfield><subfield code="b">000010665002</subfield></datafield><datafield ind1=" " ind2=" " tag="042"><subfield code="a">pcc</subfield></datafield><datafield ind1=" " ind2=" " tag="043"><subfield code="a">n-us-il</subfield></datafield><datafield ind1="0" ind2="4" tag="245"><subfield code="a">The Elburn enterprise.</subfield></datafield><datafield ind1=" " ind2=" " tag="260"><subfield code="a">Elburn, Ill. :</subfield><subfield code="b">Kane County Pub. Co.,</subfield><subfield code="c">1893-1896.</subfield></datafield><datafield ind1=" " ind2=" " tag="300"><subfield code="a">v.</subfield></datafield><datafield ind1=" " ind2=" " tag="310"><subfield code="a">Weekly</subfield></datafield><datafield ind1="0" ind2=" " tag="362"><subfield code="a">Vol. 1, no. 1 (Apr. 8, 1893)-v. 3, no. 50 (Mar. 28, 1896).</subfield></datafield><datafield ind1=" " ind2=" " tag="580"><subfield code="a">Printed on the last page of the Geneva Republican (Geneva, Ill. : 1878).</subfield></datafield><datafield ind1=" " ind2="0" tag="651"><subfield code="a">Elburn (Ill.)</subfield><subfield code="v">Newspapers.</subfield></datafield><datafield ind1=" " ind2="7" tag="655"><subfield code="a">Newspapers.</subfield><subfield code="2">fast</subfield><subfield code="0">(OCoLC)fst01423814</subfield></datafield><datafield ind1=" " ind2="7" tag="651"><subfield code="a">Illinois</subfield><subfield code="z">Elburn.</subfield><subfield code="2">fast</subfield><subfield code="0">(OCoLC)fst01279620</subfield></datafield><datafield ind1=" " ind2=" " tag="752"><subfield code="a">United States</subfield><subfield code="b">Illinois</subfield><subfield code="c">Kane</subfield><subfield code="d">Elburn.</subfield></datafield><datafield ind1="1" ind2=" " tag="777"><subfield code="t">Geneva Republican (Geneva, Ill. : 1878)</subfield><subfield code="w">(DLC)sn 85033747</subfield><subfield code="w">(OCoLC)12241294</subfield></datafield></record>